
@article{alves2012performance,
	title={Performance of transmit antenna selection physical layer security schemes},
	author={Alves, Hirley and Souza, Richard Demo and Debbah, M{\'e}rouane and Bennis, Mehdi},
	journal={IEEE Signal Processing Letters},
	volume={19},
	number={6},
	pages={372--375},
	year={2012},
	publisher={IEEE}
}


@article{yang2012physical,
	title={Physical layer security of TAS/MRC with antenna correlation},
	author={Yang, Nan and Suraweera, Himal A and Collings, Iain B and Yuen, Chau},
	journal={IEEE Transactions on Information Forensics and Security},
	volume={8},
	number={1},
	pages={254--259},
	year={2012},
	publisher={IEEE}
}

@article{tran2015secrecy,
	title={Secrecy analysis with MRC/SC-based eavesdropper over heterogeneous channels},
	author={Tran, Duc-Dung and Ha, Dac-Binh and Tran-Ha, Vu and Hong, Een-Kee},
	journal={IETE Journal of Research},
	volume={61},
	number={4},
	pages={363--371},
	year={2015},
	publisher={Taylor \& Francis}
}

@article{wyner1975wire,
	title={The wire-tap channel},
	author={Wyner, Aaron D},
	journal={Bell system technical journal},
	volume={54},
	number={8},
	pages={1355--1387},
	year={1975},
	publisher={Wiley Online Library}
}


@article{li2013waveform,
	title={Waveform design for secure SISO transmissions and multicasting},
	author={Li, Ming and Kundu, Sandipan and Pados, Dimitris A and Batalama, Stella N},
	journal={IEEE Journal on Selected Areas in Communications},
	volume={31},
	number={9},
	pages={1864--1874},
	year={2013},
	publisher={IEEE}
}

@article{xu2018security,
	title={Security-aware waveform and artificial noise design for time-reversal-based transmission},
	author={Xu, Qian and Ren, Pinyi and Du, Qinghe and Sun, Li},
	journal={IEEE Transactions on Vehicular Technology},
	volume={67},
	number={6},
	pages={5486--5490},
	year={2018},
	publisher={IEEE}
}


@inproceedings{li2018artificial,
	title={Artificial noise inserted secure communication in time-reversal systems},
	author={Li, Si and Li, Na and Tao, Xiaofeng and Liu, Zunning and Wang, Haowei and Xu, Jin},
	booktitle={2018 IEEE Wireless Communications and Networking Conference (WCNC)},
	pages={1--6},
	year={2018},
	organization={IEEE}
}


@inproceedings{li2017artificial,
	title={Artificial noise aided path selection for secure TR communications},
	author={Li, Si and Li, Na and Liu, Zunning and Wang, Haowei and Xu, Jin and Tao, Xiaofeng},
	booktitle={2017 IEEE/CIC International Conference on Communications in China (ICCC)},
	pages={1--6},
	year={2017},
	organization={IEEE}
}


@article{oestges2005characterization,
	title={Characterization of space-time focusing in time-reversed random fields},
	author={Oestges, Claude and Kim, Arnold D and Papanicolaou, George and Paulraj, Arogyaswami J},
	journal={IEEE transactions on antennas and propagation},
	volume={53},
	number={1},
	pages={283--293},
	year={2005},
	publisher={IEEE}
}


@inproceedings{dubois2010use,
	title={On the use of time reversal for digital communications with non-impulsive waveforms},
	author={Dubois, Thierry and Crussiere, Matthieu and Helard, Maryline},
	booktitle={2010 4th International Conference on Signal Processing and Communication Systems},
	pages={1--6},
	year={2010},
	organization={IEEE}
}



@article{nguyen2019frequency,
	title={Frequency-domain time-reversal precoding in wideband MISO OFDM communication systems},
	author={Nguyen, Trung-Hien and Determe, Jean-Fran{\c{c}}ois and Van Eeckhaute, Mathieu and Louveaux, J{\'e}r{\^o}me and De Doncker, Philippe and Horlin, Fran{\c{c}}ois},
	journal={arXiv preprint arXiv:1904.10727},
	year={2019}
}

%%% SYSTEM MODEL

@INPROCEEDINGS{4394231,
	author={S. {Ahmed} and T. {Noguchi} and M. {Kawai}},
	booktitle={2007 IEEE 18th International Symposium on Personal, Indoor and Mobile Radio Communications}, 
	title={Selection of Spreading Codes for Reduced PAPR in MC-CDMA Systems}, 
	year={2007},
	volume={},
	number={},
	pages={1-5},}




%%% PERFORMANCE SECTION


@INPROCEEDINGS{7348007,
	author={H. {Tran} and H. {Tran} and G. {Kaddoum} and D. {Tran} and D. {Ha}},
	booktitle={2015 IEEE 11th International Conference on Wireless and Mobile Computing, Networking and Communications (WiMob)}, 
	title={Effective secrecy-SINR analysis of time reversal-employed systems over correlated multi-path channel}, 
	year={2015},
	volume={},
	number={},
	pages={527-532},}


