%%%%% INTRODUCTION SOURCES %%%%%%%


@article{PLS_litt1,
  author    = {H. Alves and R. D. Souza and M. Debbah and M. Bennis},
  title     = {Performance of transmit antenna selection physical layer security schemes},
  journal   = {IEEE Signal Process. Lett.},
  year      = {2012},
  volume  = {19},
  number  = {6},
  pages   = {372-375}
}


@article{PLS_litt2,
  author    = {N. Yang and H. A. Suraweera and I. B. Collings and C. Yuen},
  title     = {Physical layer security for TAS/MRC with antenna correlation},
  journal   = {IEEE Trans. Inf. Forensics Security},
  year      = {2013},
  volume  = {8},
  number  = {1},
  pages   = {254-259}
}

@article{PLS_litt3,
  author    = {D.-D. Tran and D.-B. Ha and V. Tran-Ha and E.-K. Hong},
  title     = {Secrecy analysis with MRC/SC-based eavesdropper over heterogeneous channels},
  journal   = {IETE Journal of Research},
  year      = {2015},
  month     = {3},
}

@article{wyner,
  author    = {A. D. Wyner},
  title     = {The wire-tap channel},
  journal   = {Bell Syst. Tech. J.},
  year      = {1975},
  month     = {10},
  volume  = {54},
  pages   = {1355-1387}
}


@article{PLS_litt4,
  author    = { M. Li and S. Kundu and D.A. Pados and S.N. Batalama},
  title     = {Waveform Design for Secure SISO Transmissions and Multicasting},
  journal   = {IEEE Journal on Selected Areas in Communications},
  year      = {2013},
  month     = {9},
  volume    = {31},
  number    = {9},
}


@article{TR_AN_2018_xu,
  author    = {Q. Xu and P. Ren and Q. Du and L. Sun},
  title     = {Security-Aware Waveform and Artificial Noise Design for Time-Reversal-Based Transmission},
  journal   = {IEEE Transactions on Vehicular Technology},
  year      = {2018},
  month     = {6},
  volume    = {67},
  number    = {7},
}


@article{TR_AN_2018_Li,
  author    = {S. Li and N. Li and X. Tao and Z. Liu and H. Wang and J. Xu},
  title     = {Artificial Noise Inserted Secure Communication in Time-Reversal Systems},
  journal   = {IEEE Wireless Communications and Networking Conference},
  year      = {2018},
  month     = {4},
}


@article{TR_AN_2017_Li,
  author    = {S. Li and N. Li and X. Tao and Z. Liu and H. Wang and J. Xu},
  title     = {Artificial Noise Aided Path Selection for Secure TR Communications},
  journal   = {IEEE/CIC International Conference on Communications in China (ICCC)},
  year      = {2017},
  month     = {10},
}

@article{otges,
  author    = {C. Oestges and A.D. Kim and G. Papanicolaou and A. J. Paulraj},
  title     = {Characterization of Space-Time Focusing in Time-Reversed Random Fields},
  journal   = {IEEE Transactions on Antennas and Propagation},
  year      = {2005},
  month     = {1},
  volume    = {53},
  number    = {1},
}


@article{TR_bor,
  author    = {T. Dubois and M. Crussi\`{e}re and M.   H\'{e}lard},
  title     = {On the use of Time Reversal for Digital Communications with Non-Impulsive Waveforms},
  journal   = {4th International Conference on Sig. Process. and Commun. Sys.},
  year      = {2010},
  month     = {12},
}



%%%%% INTRODUCTION SOURCES %%%%%%%

@article{alves2012performance,
	title={Performance of transmit antenna selection physical layer security schemes},
	author={Alves, Hirley and Souza, Richard Demo and Debbah, M{\'e}rouane and Bennis, Mehdi},
	journal={IEEE Signal Processing Letters},
	volume={19},
	number={6},
	pages={372--375},
	year={2012},
	publisher={IEEE}
}


@article{yang2012physical,
	title={Physical layer security of TAS/MRC with antenna correlation},
	author={Yang, Nan and Suraweera, Himal A and Collings, Iain B and Yuen, Chau},
	journal={IEEE Transactions on Information Forensics and Security},
	volume={8},
	number={1},
	pages={254--259},
	year={2012},
	publisher={IEEE}
}

@article{tran2015secrecy,
	title={Secrecy analysis with MRC/SC-based eavesdropper over heterogeneous channels},
	author={Tran, Duc-Dung and Ha, Dac-Binh and Tran-Ha, Vu and Hong, Een-Kee},
	journal={IETE Journal of Research},
	volume={61},
	number={4},
	pages={363--371},
	year={2015},
	publisher={Taylor \& Francis}
}

@article{wyner1975wire,
	title={The wire-tap channel},
	author={Wyner, Aaron D},
	journal={Bell system technical journal},
	volume={54},
	number={8},
	pages={1355--1387},
	year={1975},
	publisher={Wiley Online Library}
}


@article{li2013waveform,
	title={Waveform design for secure SISO transmissions and multicasting},
	author={Li, Ming and Kundu, Sandipan and Pados, Dimitris A and Batalama, Stella N},
	journal={IEEE Journal on Selected Areas in Communications},
	volume={31},
	number={9},
	pages={1864--1874},
	year={2013},
	publisher={IEEE}
}

@article{xu2018security,
	title={Security-aware waveform and artificial noise design for time-reversal-based transmission},
	author={Xu, Qian and Ren, Pinyi and Du, Qinghe and Sun, Li},
	journal={IEEE Transactions on Vehicular Technology},
	volume={67},
	number={6},
	pages={5486--5490},
	year={2018},
	publisher={IEEE}
}


@inproceedings{li2018artificial,
	title={Artificial noise inserted secure communication in time-reversal systems},
	author={Li, Si and Li, Na and Tao, Xiaofeng and Liu, Zunning and Wang, Haowei and Xu, Jin},
	booktitle={2018 IEEE Wireless Communications and Networking Conference (WCNC)},
	pages={1--6},
	year={2018},
	organization={IEEE}
}


@inproceedings{li2017artificial,
	title={Artificial noise aided path selection for secure TR communications},
	author={Li, Si and Li, Na and Liu, Zunning and Wang, Haowei and Xu, Jin and Tao, Xiaofeng},
	booktitle={2017 IEEE/CIC International Conference on Communications in China (ICCC)},
	pages={1--6},
	year={2017},
	organization={IEEE}
}


@article{oestges2005characterization,
	title={Characterization of space-time focusing in time-reversed random fields},
	author={Oestges, Claude and Kim, Arnold D and Papanicolaou, George and Paulraj, Arogyaswami J},
	journal={IEEE transactions on antennas and propagation},
	volume={53},
	number={1},
	pages={283--293},
	year={2005},
	publisher={IEEE}
}


@inproceedings{dubois2010use,
	title={On the use of time reversal for digital communications with non-impulsive waveforms},
	author={Dubois, Thierry and Crussiere, Matthieu and Helard, Maryline},
	booktitle={2010 4th International Conference on Signal Processing and Communication Systems},
	pages={1--6},
	year={2010},
	organization={IEEE}
}



@article{nguyen2019frequency,
	title={Frequency-domain time-reversal precoding in wideband MISO OFDM communication systems},
	author={Nguyen, Trung-Hien and Determe, Jean-Fran{\c{c}}ois and Van Eeckhaute, Mathieu and Louveaux, J{\'e}r{\^o}me and De Doncker, Philippe and Horlin, Fran{\c{c}}ois},
	journal={arXiv preprint arXiv:1904.10727},
	year={2019}
}

@article{shannon1949communication,
	title={Communication theory of secrecy systems},
	author={Shannon, Claude E},
	journal={Bell system technical journal},
	volume={28},
	number={4},
	pages={656--715},
	year={1949},
	publisher={Wiley Online Library}
}






%%%%%%% SYSTEM MODEL REF %%%%%%

@article{papr,
  author    = {S. Ahmed and T. Noguchi and M. Kawai },
  title     = {Selection of Spreading Codes for Reduced PAPR in MC-CDMA systems},
  journal   = {IEEE 18th International Symposium on Personal Indoor and Mobile Radio Communications},
  year      = {2007},
  month     = {9},
}


@article{TR_FD_TD,
  author    = {T-H. Nguyen and J-F. Determe and M. Van Eeckhaute and J. Louveaux and P. De Doncker and F. Horlin},
  title     = {Frequency-Domain Time-Reversal Precoding in Wideband MISO OFDM Communications Systems},
  archivePrefix = {arXiv},
  eprint    = {904.10727},
  url       = {https://arxiv.org/pdf/1904.10727.pdf},
  journal   = {},
  year      = {2019},
  month     = {4},
}



%%%%%%%%%%%%% PErformance assessement ref %%%%%%%%%%
@article{TR_Tran_secrecy_capa,
  author    = {H-V. Tran and H. Tran and G. Kaddoum},
  title     = {Effective Secrecy-SINR Analysis of Time Reversal-Employed Systems over Correlated Multi-path Channel},
  journal   = {IEEE $11^{\text{th}}$ international Conference on Wireless and Mobile Computing, Networking and Communications (WiMob)},
  year      = {2015},
  month     = {10},
  page      = {527-532},
}
